The literature database for the thesis.

Entries are sorted on LaTeX key.

All LaTeX keys start with 'c.' to indicate that they are citation labels.

@string{adr_elca="Delft"}
@string{adr_boute="Nijmegen"}

* An article from a journal or magazine.
article
{
    c.,
    author = "",
    title = "",
    journal = "",
    year = 1989,
---
    volume = 24,
    number = 6,
    pages = "1587--1597",
    month = "",
    note = ""
}

* A book with an explicit publisher.
book
{
    c.,
    author = "",
    editor = "",
    title = "",
    publisher = "",
    year = 1986,
---
    volume = 1,
    series = "",
    address = "",
    edition = "",
    month = "",
    note = ""
}

* A work that is printed and bound, but without a named publisher or sponsoring
* institution.
booklet
{
    c.,
    title = "",
---
    author = "",
    howpublished = "",
    address = "",
    month = "",
    year = 1986,
    note = ""
}

* A part of a book, which may be a chapter and/or a range of pages.
inbook
{
    c.,
    editor = "",
    author = "",
    title = "",
    chapter = "",
    pages = "",
    publisher = "",
    year = 1980,
---
    volume = ,
    series = "",
    address = "",
    edition = "",
    month = "",
    note = ""
}

* A part of a book with its own title.
incollection
{
    c.,
    author = "",
    title = "",
    booktitle = "",
    year = 1980,
---
    editor = "",
    chapter = "",
    pages = "1--2",
    address = "",
    month = "",
    series = "",
    volume = ,
    publisher = "",
    note = ""
}

* An article in a conference proceedings.
inproceedings
{
    c.,
    author = "",
    title = "",
    booktitle = "Proceedings of the 22nd ",
    year = 1985,
---
    editor = "",
    pages = "388--395",
    organization = "",
    publisher = "",
    address = "",
    month = "",
    note = ""
}

* Technical documentation.
manual
{
    c.,
    title = "",
---
    author = "",
    organization = "",
    address = "",
    edition = "", 
    month = "",
    year = "",
    note = ""
}

* A Master's thesis.
mastersthesis
{
    c.,
    author = "",
    title = "",
    school = "",
    year = 1988,
---
    address = "",
    month = "",
    note = ""
}

* Use this type when nothing else fits.
misc
{
    c.,
---
    author = "",
    title = "",
    howpublished = "",
    year = "",
    month = "",
    note = ""
}

* A Ph. Doctor thesis.
phdthesis
{
    c.,
    author = "",
    title = "",
    school = "",
    year = 1988,
---
    address = "",
    month = "",
    note = ""
}

* The proceedings of a conference.
proceedings
{
    c.,
    title = "",
    year = "",
---
    editor = "",
    publisher = "",
    organization = "",
    address = "",
    month = "",
    note = ""
}

* A report published by a school or other institution, usually
* numbered within a series.
techreport
{
    c.,
    author = "",
    title = "",
    institution = "",
    year = ,
---
    type = "",
    number = ,
    address = "",
    month = "",
    note = ""
}

* A document with an author and title, but not formally published.
unpublished
{
    c.,
    author = "",
    title = "",
    note = "",
---
    month = "",
    year = ""
}
***************************************************************
@book
{
    c.aho,
    author = "Alfred V. Aho and Ravi Sethi and Jeffrey D. Ullman",
    title = "Compilers, Principles, Techniques and Tools",
    publisher = "Addison-Wesley",
    year = 1986,
    address = "Reading, Massachusetts"
}

@book
{
    c.analogintro,
    author = "Paul R. Gray and Robert G. Meyer",
    title = "Analysis and Design of Analog Integrated Circuits",
    publisher = "John Wiley \& Sons",
    year = 1984,
    address = "New York",
    edition = "Second",
    note = ""
}

@inproceedings
{
    c.arya,
    author = "Anjali Arya and Anshul Kumar and V. V. Swaminathan and Amit Misra",
    title = "Automatic generation of digital system schematic diagrams",
    booktitle = "Proceedings of the 22nd Design Automation Conference",
    year = 1985,
    pages = "388--395",
    note = ""
}

@techreport
{
    c.b8,
    author = "R. Doesborg and S. Klaver",
    title = "Application of the beta calculus to layout description",
    institution = "Sagantec",
    year = 1987,
    type = "ESPRIT background document",
    number = "E881/b8/SAG/RD,SK/8704",
    address = "Eindhoven",
    note = ""
}

@techreport
{
    c.b12,
    author = "R. T. Boute",
    title = "System semantics: principles, applications and implementation (2nd version)",
    institution = "University of Nijmegen, Department of Computer Science",
    address = adr_boute,
    year = 1987,
    type = "ESPRIT background document",
    number = "E881/b12/KUN/RTB/8703",
    month = "March",
    note = ""
}

@techreport
{
    c.b13,
    author = "R.T. Boute",
    title = "Applications of functional formalisms",
    institution = "University of Nijmegen, Department of Computer Science",
    year = 1987,
    type = "ESPRIT background document",
    number = "E881/b13/KUN/RTB/8703",
    address = adr_boute,
    month = "March",
    note = ""
}

@techreport
{
    c.b14,
    author = "Reeuwijk, C. van",
    title = "SYMNET language description",
    institution = "Delft University of Technology, Department of Electrical Engineering",
    year = 1987,
    type = "ESPRIT background document",
    number = "E881/b14/TUD/CvR/8706",
    address = adr_elca,
    month = "June",
    note = ""
}

@techreport
{
    c.b21,
    author = "H. Oolman",
    title = "Context-sensitive restrictions to {Glass}",
    institution = "University of Nijmegen, Department of Computer Science",
    year = 1988,
    type = "ESPRIT background document",
    number = "E881/b21/KUN/HO/8803",
    address = adr_boute,
    month = "March",
    note = ""
}

@techreport
{
    c.b25,
    author = "Reeuwijk, C. van",
    title = "The Implementation of Semantic Functions on Analog Circuits for {Glass}",
    institution = "Delft University of Technology, Department of Electrical Engineering",
    year = 1988,
    type = "ESPRIT background document",
    number = "E881/b25/TUD/CvR/8804",
    address = adr_elca,
    month = "April",
    note = ""
}

@techreport
{
    c.b26,
    author = "R. Boute",
    title = "Semantic domains for system description",
    institution = "University of Nijmegen, Department of Computer Science",
    year = 1988,
    type = "ESPRIT background document",
    number = "E881/b26/KUN/RB/8802",
    address = adr_boute,
    month = "February",
    note = ""
}

@techreport
{
    c.b31,
    author = "M. Seutter",
    title = "Report on the implementation of the parsers for {Glass}",
    institution = "University of Nijmegen, Department of Computer Science",
    year = 1988,
    type = "ESPRIT background document",
    number = "E881/b31/KUN/MS/8811",
    address = adr_boute,
    month = "November",
    note = ""
}

@techreport
{
    c.b36,
    author = "Reeuwijk, C. van",
    title = "{Glass} transformations for semantic functions",
    institution = "Delft University of Technology, Department of Electrical Engineering",
    year = 1988,
    type = "ESPRIT background document",
    number = "E881/b31/TUD/CvR/8811",
    address = adr_elca,
    month = "November",
    note = ""
}

@techreport
{
    c.b38,
    author = "Reeuwijk, C. van",
    title = "Tm: a code generator for structured data interfaces (draft)",
    institution = "Delft University of Technology, Department of Electrical Engineering",
    year = 1989,
    type = "ESPRIT background document",
    number = "E881/b38/TUD/CvR/8905",
    address = adr_elca,
    month = "May",
    note = ""
}

@techreport
{
    c.b44,
    author = "R. Doesborg and Reeuwijk, C. van",
    title = "Manual for {FORFUN} programmers",
    institution = "SAGANTEC",
    year = 1989,
    type = "ESPRIT background document",
    number = "E881/b44/SAG,TUD/RD,CvR/8904",
    address = "Eindhoven",
    month = "April",
    note = ""
}

@techreport
{
    c.b45,
    author = "M. Seutter",
    title = "Report on the language {Glass}, version 2.0",
    institution = "University of Nijmegen, Department of Computer Science",
    year = 1989,
    type = "ESPRIT background document",
    number = "E881/b45/KUN/MS/8906",
    address = adr_boute,
    month = "June",
    note = ""
}

@article
{
    c.backus,
    author = "J. Backus",
    title = "Can programming be librated from the von {Neuman} style?
	     A functional style and its algebra of programs",
    journal = "Communications of the ACM",
    number = 8,
    month = "August",
    year = 1978,
    pages = "613--641"
}

@book
{
    c.bartels,
    author = "Richard H. Bartels and John C. Beatty and Brian A. Barsky",
    title = "Splines for use in Computer Graphics \& Geometric modeling",
    year = 1987,
    publisher = "Morgan Kaufmann Publishers",
    address = "Los Altos, California 94022",
    isbn = "0-934613-27-3",
    aubid = "2087.419.5",
    note = ""
}

@article
{
    c.blades,
    author = "Fatehy El-Turky and Elizabeth E. Perry",
    title = "{BLADES}: An Artificial Intelligence Approach to Analog Circuit Design",
    journal = "IEEE Transactions on Computer-Aided Design",
    year = 1989,
    volume = 8,
    number = 6,
    pages = "680--692",
    month = "June",
    note = ""
}

@book
{
    c.boyce,
    author = "William E. Boyce and Richard C. DiPrima",
    title = "Elementary Differential Equations and Boundary Value Problems",
    publisher = "John Wiley \& Sons",
    year = 1977,
    address = "New York",
    edition = "third",
    note = ""
}

@article
{
    c.burstal,
    author = "R.M. Burstall and John Darlington",
    title = "A Transformation System for Developing Recursive Programs",
    journal = "Journal of the ACM",
    number = 1,
    volume = 24,
    month = "January",
    year = 1977,
    pages = "44--67",
    note = ""
}

@book
{
    c.c,
    author = "Brian W. Kernighan and Dennis M. Ritchie",
    title = "The C programming language",
    publisher = "Prentice Hall",
    year = 1988,
    series = "Software series",
    address = "Englewood Cliffs, New Jersey",
    edition = "2nd"
}

@article
{
    c.camurati,
    author = "Paolo Camurati and Paolo Prinetto",
    title = "Formal Verification of Hardware Correctness: introduction and
             Survey of Current Research",
    journal = "IEEE Computer",
    organization = "Politechnico di Torino",
    number = 6,
    volume = 24,
    month = "July",
    year = 1988,
    pages = "8--19"
}

@phdthesis
{
    c.chris,
    author = "C.J.M. Verhoeven",
    title = "First order oscillators",
    school = "Delft University of Technology, Department of Electrical Engineering",
    address = adr_elca,
    year = 1990,
    month = "February",
    note = ""
}

@inproceedings
{
    c.comp,
    author = "J. Stoffels",
    title = "Automated Frequency compensation in High-Performance Amplifiers",
    booktitle = "Proceedings of the 30th Midwest Symposium on Circuits and Systems ",
    year = 1988,
    editor = "G. Glasford and K. Jabbour",
    pages = "223--226",
    publisher = "Elsevier Science Publishing Co., Inc.",
    note = ""
}

@book
{
    c.curry,
    author = "H.B. Curry and R. Feys",
    title = "Combinatory logic",
    publisher = "North-Holland",
    year = 1968,
    volume = 1,
    note = ""
}

@book
{
    c.davidse,
    author = "J. Davidse",
    title = "Analog Electronic Circuit Design",
    publisher = "Prentice Hall",
    year = 1991,
    note = ""
}

@article
{
    c.degrauwe,
    author = "Marc G. R. Degrauwe and Olivier Nys and Evert Dijkstra and others",
    title = "{IDAC}: An Interactive Design Tool for Analog {CMOS} Circuits",
    journal = "IEEE Journal of solid-state circuits",
    year = 1987,
    volume = 22,
    number = 6,
    pages = "1106--1116",
    month = "December",
    note = ""
}

@techreport
{
    c.deliva12,
    author = "Reeuwijk, C. van",
    title = "The Hierarchical description of Bidirectional Systems",
    institution = "Delft University of Technology, Department of Electrical Engineering",
    year = 1987,
    type = "ESPRIT deliverable",
    number = "E881/a1,2/TUD/CvR/8706",
    address = adr_elca,
    month = "June",
    note = ""
}

@techreport
{
    c.deliven8b,
    author = "M. Seutter",
    title = "Revised Report on the language {Glass}, version 1.0",
    year = 1989,
    type = "ESPRIT deliverable",
    number = "E881/en8b/KUN/MS/8911",
    institution = "University of Nijmegen, Department of Computer Science",
    address = adr_boute,
    month = "November",
    note = ""
}

@techreport
{
    c.deliven8c,
    author = "H. Oolman",
    title = "Grammar for {Glass}, context-sensitive part",
    year = 1989,
    type = "ESPRIT deliverable",
    number = "E881/en8c/KUN/HO/8911",
    institution = "University of Nijmegen, Department of Computer Science",
    address = adr_boute,
    month = "November",
    note = ""
}

@book
{
    c.demarco,
    author = "Tom DeMarco",
    title = "Structured Analysis and System Specification",
    publisher = "Yourdon Press",
    year = 1978,
    series = "Yourdon Press computing series",
    address = "Englewood Cliffs, N.J.",
    note = ""
}

@book
{
    c.dijkstra,
    author = "Edsger W. Dijkstra and W.H.J. Feijen",
    title = "Een methode van programmeren",
    publisher = "Academic service",
    year = 1984,
    address = "'s-Gravenhave",
    note = ""
}

@book
{
    c.dsandalg,
    author = "Nicklaus Wirth",
    title = "Algorithms + Data Structures = Programs",
    publisher = "Prentice-Hall",
    year = 1986,
    series = "Series in Automatic computation",
    address = "Englewood Cliffs, N.J."
}

@book
{
    c.ernst,
    author = "Ernst H. Nordholt",
    title = "Design of High-Performance Negative-Feedback Amplifiers",
    publisher = "Elsevier Scientific Publishing Company",
    address = "Amsterdam",
    year = 1983
}

@book
{
    c.foleyvandam,
    author = "James D. Foley and Dam, Andries van and Steven K. Feiner and John F. Hughes",
    title = "Computer Graphics, Principles and Practice",
    publisher = "Addison-Wesley",
    year = 1986,
    series = "the system programming series",
    address = "Reading, Massachusetts",
    edition = "2nd",
    note = ""
}

@manual
{
    c.forfunprop,
    title = "Formal description of arbitrary systems by means of functional languages, Technical Annex of project proposal for ESPRIT project 881",
    author = "Raymond T. Boute",
    organization = "University of Nijmegen, Department of Computer Science",
    address = adr_boute,
    month = "December",
    year = "1985",
    note = ""
}

@article
{
    c.fp,
    author = "J. Backus",
    title = "Can Programming be Liberated from the von {Neumann} Style?",
    journal = "Communications of the ACM",
    year = 1978,
    volume = 21,
    number = 8,
    pages = "613--641",
    month = "August",
    note = ""
}

@mastersthesis
{
    c.fun,
    author = "Martin G. Middelhoek",
    title = "FUN: a functional description language for analog circuits",
    school = "Delft University of Technology, Department of Electrical Engineering",
    address = adr_elca,
    year = 1986,
    note = ""
}

@manual
{
    c.glassdef,
    author = "Marc Seutter",
    title = "Revised report on {Glass} version 2.0",
    organization = "University of Nijmegen, Department of Computer Science",
    address = adr_boute
}

@techreport
{
    c.glassenv,
    author = "Reeuwijk (ed.), Kees van",
    title = "{Glass} environment implementation and maintenance",
    year = 1990,
    month = "May",
    institution = "KUN",
    address = adr_boute
}

@article
{
    c.glassover,
    author = "H. Oolman and M. Seutter and Reeuwijk, C. van",
    title = "{Glass}, a language for analog and digital circuit description, and its environment",
    journal = "The EUROMICRO Journal on Microprocessing and Microprogramming",
    volume = 27,
    number = "1--5",
    month = "August",
    year = 1989,
    pages = "267--271",
    note = ""
}

@techreport
{
    c.glassusr,
    author = "Seutter (ed.), M.",
    title = "{Glass}: A system description language and its environment",
    year = 1990,
    month = "May",
    institution = "KUN",
    address = adr_boute
}

@book
{
    c.grebene,
    author = "Alan B. Grebene",
    title = "Bipolar and MOS Analog Integrated Circuit Design",
    publisher = "John Wiley \& Sons",
    year = 1984,
    address = "New York",
    note = ""
}

@book
{
    c.hope,
    author = "Anthony J. Field and Peter G. Harrison",
    title = "Functional Programming",
    publisher = "Addison-Wesley",
    year = 1988,
    series = "International Computer Science Series",
    address = "Reading, Massachusetts",
    isbn = "0-201-19249-7",
    bibcode = "C 6110 44",
    note = ""
}

@book
{
    c.horowitz,
    author = "Paul Horowitz and Winfield Hill",
    title = "The Art of Electronics",
    publisher = "Cambridge university press",
    year = 1980,
    address = "Cambridge"
}

@article
{
    c.ideal,
    author = "Wyk, Christopher J. van",
    title = "A High-Level Language for Specifying Pictures",
    journal = "ACM Transactions on Graphics",
    volume = 1,
    number = 2,
    month = "April",
    year = 1982,
    pages = "163--182",
    note = ""
}

@book
{
    c.implfnlang,
    author = "Peyton Jones, Simon L.",
    title = "The Implementation of Functional Programming Languages",
    publisher = "Prentice-Hall",
    year = 1984,
    address = "Englewood Cliffs, N.J."
}

@article
{
    c.isaac,
    author = "Georges G. E. Gielen and Herman C. C. Walscharts and Willy M. Sansen",
    title = "{ISAAC}, a symbolic Simulator for Analog Integrated Circuits",
    journal = "IEEE journal on Solid-state Circuits",
    number = 6,
    volume = 24,
    month = "December",
    year = 1989,
    pages = "1587--1597"
}

@inproceedings
{
    c.juno,
    author = "Greg Nelson",
    organization = "Xerox Palo Alto Research Center",
    title = "Juno, a constraint-based graphics system",
    booktitle = "Siggraph '85",
    year = 1985,
    pages = "235--243",
    note = ""
}

@phdthesis
{
    c.keesthesis,
    author = "C. van Reeuwijk",
    title = "The implementation of a system description language and its semantic functions",
    school = "Delft University of Technology, Department of Electrical Engineering",
    year = 1991,
    address = adr_elca,
    month = "July",
    note = ""
}

@book
{
    c.knuth,
    author = "Donald E. Knuth",
    title = "The Art of Computer Programming",
    publisher = "Addison-Wesley",
    year = 1973,
    address = "Reading, Massachusetts",
    note = ""
}

@article
{
    c.landin,
    author = "P.J. Landin",
    title = "The Next 700 Programming Languages",
    journal = "Communications of the ACM",
    volume = 9,
    number = 3,
    month = "March",
    year = 1966,
    pages = "157--166",
    note = ""
}

@techreport
{
    c.lex,
    author = "M. E. Lesk",
    title = "Lex -- a lexical analyzer generator",
    institution = "AT\&T Bell Laboratories",
    year = 1975,
    type = "Computing Science Technical Report",
    number = 39,
    address = "Murray Hill, N.J."
}

@manual
{
    c.maple,
    author = "Bruce W. Char and Keith O. Geddes and Gaston H. Gonnet and others",
    title = "Maple reference manual",
    year = 1988,
    month = "March",
    organization = "Symbolic Computation Group, Department of Computer Science, University of Waterloo",
    address = "Waterloo, Ontario, Canada N2L 3G1"
}

@phdthesis
{
    c.mathis,
    author = "Wolfgang Mathis",
    title = "Zur Theorie und Numerik Verallgemeinerter Zustandsgleichungen im Frequenzbereich und deren Anwendung bei der Netzwerkanalyse",
    school = "Technischen Universitat Carolo-Wilhelmina",
    year = 1984,
    address = "Braunschweig",
    note = ""
}

@mastersthesis
{
    c.mdl,
    author = "E.A.L.J. Janssen",
    title = "Measurement description language {MDL}",
    school = "Delft University of Technology, Department of Electrical Engineering",
    address = adr_elca,
    year = 1990,
    month = "August",
    note = ""
}

@inproceedings
{
    c.mecircsys,
    author = "Reeuwijk, C. van and M.G. Middelhoek",
    title = "A New Language to Describe Analog Circuits",
    booktitle = "Proceedings of the 30nd Midwest Symposium on Circuits and Systems",
    year = 1987,
    editor = "Glenn Glasford and Kamal Jabbour",
    pages = "19--22",
    publisher = "North-Holland",
    address = "New York",
    month = "August",
    note = ""
}

@inproceedings
{
    c.meesprit87,
    author = "Reeuwijk, C. van and M.G. Middelhoek",
    title = "A New Language to Describe Analog Circuits",
    booktitle = "Proceedings of the 4nd Annual ESPRIT Conference",
    year = 1987,
    editor = "Commission of the european communities, Directorate-General telecommunications, information industries and innovation",
    pages = "543--558",
    publisher = "North-Holland",
    address = "Amsterdam",
    month = "September",
    note = ""
}

@book
{
    c.metafont,
    author = "Donald E. Knuth",
    title = "The Metafont book",
    publisher = "Addison-Wesley",
    year = 1986,
    address = "Reading, Massachusetts",
    note = ""
}

@incollection
{
    c.mira,
    editor = "J. P. Jouannaud",
    author = "David Turner",
    series = "Lecture Notes in Computer Science",
    booktitle = "Functional programming languages and computer architecture",
    title = "{Miranda}: A non-strict functional language with polymorphic types",
    year = 1985,
    volume = 201,
    publisher = "Springer-Verlag"
}

@article
{
    c.miraover,
    author = "David Turner",
    title = "An Overview of {M}iranda",
    journal = "SIGPLAN Notices",
    year = "1986",
    month = "December"
}

@mastersthesis
{
    c.mierop,
    author = "A.J. Mierop",
    title = "Gedeeltelijke symbolische circuit analyse bij optimalisatie van het frequentie-gedrag van teruggekoppelde versterkers",
    school = "Delft University of Technology, Department of Electrical Engineering",
    address = adr_elca,
    year = 1986,
    month = "January",
    note = "Dutch"
}

* Technical documentation.
@manual
{
    c.nag,
    title = "NAG Fortran Library Manual",
    organization = "NAG Central Office",
    address = "7 Banbury Road, Oxford OX26NN, U.K.",
    edition = "Mark 12", 
    year = "1987",
    note = ""
}

@inproceedings
{
    c.nopt,
    author = "Hans Stoffels and Ernst H. Nordholt",
    title = "Automated Noise Optimization in Amplifiers",
    booktitle = "Proceedings of the IEEE International symposium on Circuits and Systems",
    year = 1986,
    pages = "1139--1141",
    month = "May",
    note = ""
}

@article
{
    c.oac,
    author = "Hidetoshi Onodera and Hiroyuki Kanbara and Keikichi Tamaru",
    title = "Operational-Amplifier Compilation with Performance Optimization",
    journal = "IEEE Journal on Solid-State Circuits",
    year = 1990,
    volume = 25,
    number = 2,
    pages = "466--473",
    month = "April",
    note = ""
}

@article
{
    c.oasis,
    author = "Ramesh Harjani and Rob A. Rutenbar and L. Richard Carley",
    title = "{OASYS}: A Framework for Analog Circuit Synthesis",
    journal = "IEEE Transactions on Computer-Aided Design",
    year = 1989,
    volume = 8,
    number = 12,
    pages = "1247--1266",
    month = "December",
    note = ""
}

@article
{
    c.opasyn,
    author = "Han Young Koh and Carlo H. S\'{e}quin and Paul R. Gray",
    title = "{OPASYN}: A Compiler for {CMOS} Operational Amplifiers",
    journal = "IEEE Transactions on Computer-Aided Design",
    year = 1990,
    volume = 9,
    number = 2,
    pages = "113--125",
    month = "February",
    note = ""
}

@inproceedings
{
    c.odin,
    author = "W.A.J. Waller and M.H. Smith and L.T. Walczowski and D. Howard",
    title = "ODIN: A software System for Synthesizing {CMOS} Op-Amps",
    editor = "Sa'ad Medhat",
    booktitle = "Proceedings of the Concurrent Engineering and Design Automation conference",
    year = 1991,
    month = "March",
    pages = "74--77",
    organization = "Bournemouth Polytechnic",
    publisher = "Woodhead Publishing Ltd.",
    note = ""
}

@book
{
    c.page-jones,
    author = "Meilir Page-Jones",
    title = "The Practical Guide to Structured Systems Design",
    publisher = "Yourdon Press",
    year = 1988,
    series = "Yourdon Press computing series",
    address = "Englewood Cliffs, N.J.",
    edition = "2nd",
    note = ""
}

@phdthesis
{
    c.pgroeneveld,
    author = "Patrick Groeneveld",
    title = "Context-driven Channel routing",
    school = "Delft University of Technology, Department of Electrical Engineering",
    address = adr_elca,
    year = 1991,
    note = ""
}

@inproceedings
{
    c.schillinger,
    author = "Daniel Schillinger and Felix Kaufman",
    organization = "Brown Boveri Research Center, CH-5405 Baden, Switzerland",
    title = "A high level control language based on functional programming",
    booktitle = "IECON '85",
    year = 1985,
    pages = "788--793",
    note = ""
}

@article
{
    c.schonfinkel,
    author = "M. Schonfinkel",
    title = "Uber die Bausteine der mathematischen Logik",
    journal = "Mathematische Annalen",
    year = 1924,
    volume = 92,
    pages = "305--316",
    note = ""
}

@book
{
    c.schwarz,
    author = "A. F. Schwarz",
    title = "Computer-aided design of microelectronic circuits and systems",
    publisher = "Academic Press",
    year = 1987,
    address = "London"
}

@inproceedings
{
    c.seas,
    author = "Zhen-Qiu Ning and Ton Mouthaan and Hans Wallinga",
    title = "SEAS: A Simulated Evolution Approach for Analog Circuit Synthesis",
    booktitle = "CICC'90",
    year = 1990,
    month = "May",
    note = ""
}

@article
{
    c.skelboe,
    author = "Stig Skelboe",
    title = "A Universal Formula for Network Functions",
    journal = "IEEE Transactions on Circuits and Systems",
    year = 1975,
    pages = "B2.3--B2.5",
    month = "January",
    note = ""
}

@inproceedings
{
    c.spence,
    author = "Robert Spence and Chris Toumazou and Peter Cheung and others",
    title = "Approaches to Analog IC Synthesis",
    booktitle = "Proceedings of the IEE colloquium on VLSI Analogue Design",
    year = 1989,
    pages = "1/1--1/6",
    organization = "IEE",
    month = "April",
    note = ""
}

@phdthesis
{
    c.mufp,
    author = "M. Sheeran",
    title = "{muFP}, an Algebraic VLSI Design Language",
    school = "University of Oxford",
    year = 1983,
    note = ""
}

@incollection
{
    c.sigmacalc,
    author = "Raymond T. Boute",
    title = "On the Formal Description of Non-computational Objects",
    booktitle = "Declarative Systems",
    year = 1990,
    editor = "G. David and R. T. Boute and B.D. Schriver",
    pages = "99--123",
    address = "North-Holland",
    publisher = "Elsevier Science Publishers B.V.",
    note = ""
}

@techreport
{
    c.spice,
    author = "L. Nagel and R. Rohrer",
    title = "SPICE2: a computer program to simulate semiconductor circuits",
    institution = "Electronics Research Laboratory",
    year = 1975,
    type = "Memorandum",
    number = "ERL-M520",
    address = "University of California, Berkeley",
    month = "May",
    note = ""
}

@manual
{
    c.spice2,
    author = "A. Vladimirescu and K. Zhang and A.R. Newton and others",
    title = "{SPICE} Version 2G Users' Guide",
    organization = "Department of Electrical Engineering and Computer Science",
    year = 1981,
    address = "University of California, Berkeley",
    month = "August",
    note = ""
}
@book
{
    c.swtools,
    author = "Brian W. Kernighan and P.J. Plauger",
    title = "Software Tools in Pascal",
    publisher = "Addison-Wesley",
    year = 1981,
    address = "Reading, Massachusetts"
}

@article
{
    c.stallman,
    author = "Richard M. Stallman and Gerald J. Sussman",
    title = "Forward Reasoning and Dependency-Directed Backtracking in a System for Computer-Aided Circuit Analysis",
    volume = 9,
    year = 1977,
    journal = "Artificial Intelligence",
    pages = "135--196"
}

@phdthesis
{
    c.stoffels,
    author = "Hans Stoffels",
    title = "Automation in high-performance negative feedback amplifier design",
    school = "Delft University of Technology, Department of Electrical Engineering",
    address = adr_elca,
    year = 1988
}

@techreport
{
    c.stoflib,
    author = "Hans Stoffels",
    title = "Amplifier Design Library Manual",
    institution = "Delft University of Technology, Dept. of Electrical Engineering",
    year = 1990,
    type = "internal document",
    month = "February",
    note = ""
}

@techreport
{
    c.symnet,
    author = "Reeuwijk, Kees van",
    title = "SYMNET language description",
    institution = "Delft University of Technology, Department of Electrical Engineering",
    year = 1987,
    type = "ESPRIT background document",
    number = "E881/b14/TUD/CvR/8706",
    address = "",
    month = "June",
    note = ""
}

@article
{
    c.syssem,
    author = "Raymond T. Boute",
    title = "System Semantics: Principles, Applications, and Implementation",
    journal = "ACM Transactions on Programming Languages and Systems",
    volume = 10,
    number = 1,
    month = "January",
    year = 1988,
    pages = "118--155"
}

@article
{
    c.syssemcas,
    author = "Raymond T. Boute",
    title = "System Semantics and Formal Circuit Description",
    journal = "IEEE transactions on circuits and systems",
    volume = "CAS-33",
    number = 12,
    month = dec,
    year = 1986,
    pages = "1219--1231"
}

@techreport
{
    c.tm,
    author = "Reeuwijk, C. van",
    title = "Tm Users' Manual",
    edition = "4th",
    institution = "Delft University of Technology, Department of Electrical Engineering",
    address = adr_elca,
    year = 1992
}

@manual
{
    c.tmsl,
    title = "Beginner's Guide to {TMSL}",
    organization = "Hewlett Packard",
    edition = "First", 
    month = "August",
    year = "1989",
    note = ""
}

@article
{
    c.vhdl,
    author = "Roger Lipsett and Erich Marshner and Moe Shahdad",
    title = "VHDL---The Language",
    journal = "IEEE Design \& Test of Computers",
    year = 1986,
    volume = 3,
    number = 2,
    pages = "28--41",
    month = "April",
    note = ""
}

@article
{
    c.vhdlcmp,
    author = "J.H. Aylor and R. Waxman and C. Scaratt",
    title = "{VHDL}---Feature Description and Analysis",
    journal = "IEEE Design \& Test of Computers",
    year = 1986,
    pages = "17--27",
    month = "April",
    volume = 3,
    number = 2,
    note = ""
}

@article
{
    c.vhdlcrit,
    author = "J.D. Nash and L.F. Saunders",
    title = "VHDL Critique",
    journal = "IEEE Design \& Test of Computers",
    year = 1986,
    volume = 3,
    number = 2,
    pages = "54--65",
    month = "April",
    note = ""
}

@booklet
{
    c.workshop,
    title = "Proceedings of the Workshop On analog \& Digital Circuit Design",
    month = "May",
    year = 1989,
    author = "Sagantec",
    address = "P.O. Box 2102, 5600 CC Eindhoven",
    note = ""
}

@techreport
{
    c.yacc,
    author = "S. C. Johnson",
    title = "Yacc -- yet another compiler compiler",
    institution = "AT\&T Bell Laboratories",
    year = 1975,
    type = "Computing Science Technical Report",
    number = 32,
    address = "Murray Hill, N.J."
}

@article
{
    c.zeus,
    author = "Steven M. German and Karl J. Lieberherr",
    title = "Zeus: A Language for Expression Algorithms in Hardware",
    journal = "IEEE Computer",
    year = 1985,
    pages = "55--65",
    month = "February",
    note = ""
}
